<?xml version="1.0" encoding="UTF-8"?><collection xmlns="http://www.loc.gov/MARC21/slim"><record><leader>00511nam--2200169-i-4500</leader><controlfield tag="001">000035379</controlfield><controlfield tag="002">20161230</controlfield><controlfield tag="005">20161230201040</controlfield><controlfield tag="008">060222s1000------------r-----000-0-eng-d</controlfield><datafield ind1=" " ind2=" " tag="040"><subfield code="a">IFIN-HH</subfield></datafield><datafield ind1=" " ind2=" " tag="080"><subfield code="a">737.311.33(043)</subfield></datafield><datafield ind1="1" ind2=" " tag="100"><subfield code="a">O`Horo, Michael Patrick</subfield></datafield><datafield ind1="1" ind2="0" tag="245"><subfield code="a">Insulator to semiconductor conversion in cdf2</subfield><subfield code="b">Dissertation</subfield><subfield code="c">Michael patrick o'horo</subfield></datafield><datafield ind1=" " ind2=" " tag="260"><subfield code="a">Ann Arbor, Michigan</subfield><subfield code="b">University Microfilms Co</subfield><subfield code="c">1972</subfield></datafield><datafield ind1=" " ind2=" " tag="300"><subfield code="a">IX + 230P</subfield></datafield><datafield ind1=" " ind2=" " tag="852"><subfield code="a">42256</subfield><subfield code="c">537.311.33</subfield></datafield><datafield ind1=" " ind2=" " tag="CAT"><subfield code="a">Sys</subfield><subfield code="c">20110722</subfield><subfield code="h">100326</subfield></datafield></record></collection>